@misc{MIT,
  shorthand    = {MIT 6.S191},
  author       = {© Alexander Amini and Ava Amini},
  title        = {MIT 6.S191: Introduction to Deep Learning},
  howpublished = {\mbox{\url{http://introtodeeplearning.com/}}},
  year         = {2023},
}

@misc{tensorflow,
  shorthand    = {CNN},
  author       = {TensorFlow},
  title        = {Convolutional Neural Networks - Codelab: Introduction to Convolutions},
  howpublished = {\mbox{\url{https://developers.google.com/codelabs/tensorflow-3-convolutions?hl=it}}},
}

@misc{ISS,
  shorthand    = {ISS},
  author       = {Serena Vannucchi, Luigi Palmieri, Chiara Donfrancesco e Simona Giampaoli},
  title        = {L’impatto della pressione arteriosa sulla salute},
  howpublished = {\mbox{\url{https://www.epicentro.iss.it/cardiovascolare/whd#:~:text=La%20pressione%20arteriosa%20%C3%A8%20il,insufficienza%20renale%20cronica%2C%20la%20retinopatia.}}},
}


@misc{Shimmer,
  shorthand    = {Shimmer3 GSR+},
  author       = {Shimmer Research Ltd},
  title        = {The Shimmer3 GSR+ (Galvanic Skin Response)},
  howpublished = {\mbox{\url{https://shimmersensing.com/product/shimmer3-gsr-unit/}}},
}

@misc{Omron,
  shorthand    = {RS7 Intelli IT},
  author       = {OMRON HEALTHCARE Co., Ltd.},
  title        = {RS7 Intelli IT HEM-6232T-E},
  howpublished = {\mbox{\url{https://www.omron-healthcare.it/it/misuratori-di-pressione/RS7_Intelli_IT_2.html}}},
}

@article {Google,
    shorthand    = {Google},
    AUTHOR = {Alon Halevy, Peter Norvig, and Fernando Pereira, Google},
    TITLE = {The Unreasonable Effectiveness of Data},
    JOURNAL = {EXPERT OPINION - IEEE INTELLIGENT SYSTEMS},
    YEAR = {2009},
    PAGES = {8-12}
}

@book {Cartan1,
    AUTHOR = {Cartan, Henri},
     TITLE = {Elementary theory of analytic functions of one or several
              complex variables},
      NOTE = {Translated from the French,
              Reprint of the 1973 edition},
 PUBLISHER = {Dover Publications, Inc., New York},
      YEAR = {1995},
     PAGES = {228},
      ISBN = {0-486-68543-8},
   MRCLASS = {32-01 (30-01)},
  MRNUMBER = {1348633},
}