@article {chart,
    shorthand = {00},
    AUTHOR = {Bryan Williams},
    TITLE = {Guidelines for the management of arterial hypertension: The Task Force for the management of arterial hypertension of the European Society of Cardiology (ESC) and the European Society of Hypertension (ESH)},
    JOURNAL = {European Heart Journal, Volume 39, Issue 33},
    YEAR = {2018},
    PAGES = {3021–3104}
}

@book {Cristianini,
    shorthand = {01},
    AUTHOR = {Cristianini, Nello},
     TITLE = {LA SCORCIATOIA. Come le macchine sono diventate intelligenti senza pensare in modo umano},
 PUBLISHER = {il Mulino},
      YEAR = {2023}
}

@misc{ISS,
  shorthand    = {02},
  author       = {A cura di Serena Vannucchi, Luigi Palmieri, Chiara Donfrancesco e Simona Giampaoli - reparto di Epidemiologia delle malattie cerebro e cardiovascolari, Cnesps-Iss
Barbara De Mei - Unità di comunicazione e formazione, Cnesps-Iss},
  title        = {L’impatto della pressione arteriosa sulla salute},
  howpublished = {\mbox{\url{https://www.epicentro.iss.it/cardiovascolare/}}},
}

@misc{Omron,
  shorthand    = {03},
  author       = {OMRON HEALTHCARE Co., Ltd.},
  title        = {RS7 Intelli IT HEM-6232T-E},
  %howpublished = {\mbox{\url{https://www.omron-healthcare.it}}},
}

@misc{Shimmer,
  shorthand    = {04},
  author       = {Shimmer Research Ltd},
  title        = {The Shimmer3 GSR+ (Galvanic Skin Response)},
  howpublished = {\mbox{\url{https://shimmersensing.com}}},
}

@article {Google,
    shorthand    = {05},
    AUTHOR = {Alon Halevy, Peter Norvig, and Fernando Pereira, Google},
    TITLE = {The Unreasonable Effectiveness of Data},
    JOURNAL = {EXPERT OPINION - IEEE INTELLIGENT SYSTEMS},
    YEAR = {2009},
    PAGES = {8-12}
}

@misc{MIT,
  shorthand    = {06},
  author       = {© Alexander Amini and Ava Amini},
  title        = {MIT 6.S191: Introduction to Deep Learning},
  howpublished = {\mbox{\url{http://introtodeeplearning.com/}}},
  year         = {2023},
}

@article {LossLandscape,
    shorthand = {07},
    AUTHOR = {Hao Li, Zheng Xu, Gavin Taylor, Christoph Studer, Tom Goldstein},
    TITLE = {Visualizing the Loss Landscape of Neural Nets},
    YEAR = {2017},
}

@misc{GoogleDev,
  shorthand    = {08},
  author       = {Google},
  title        = {Google Developers},
  howpublished = {\mbox{\url{https://developers.google.com/}}},
}

@misc{tensorflow,
  shorthand    = {09},
  author       = {TensorFlow},
  title        = {Convolutional Neural Networks - Codelab: Introduction to Convolutions},
  howpublished = {\mbox{\url{https://developers.google.com/codelabs/}}},
}

@article {XAI,
    shorthand = {10},
    AUTHOR = {Hui Wen Loh, Chui Ping Ooi, Silvia Seoni, Prabal Datta Barua, Filippo Molinari, Rajendra Acharya}, 
    TITLE = {Application of explainable artificial intelligence for healthcare: A systematic review of the last decade (2011–2022)},
    YEAR = {2022},
}

@article {XAI_article,
    shorthand = {11},
    AUTHOR = {Davide Castelvecchi/Nature},
    JOURNAL = {le Scienze, edizione italiana di Scientific American},
     TITLE = {Possiamo aprire la scatola nera dell'intelligenza artificiale?},
      YEAR = {2016},
}



